<?xml version="1.0" encoding="UTF-8"?>
<collection xmlns="http://www.loc.gov/MARC21/slim">

    <!-- all vernacular fields present, except uniform title (130 / 240) and 110, 111 -->
    <record>
        <leader>66662cim  2200457Ia 45í0</leader>
        <controlfield tag="001">aallVern</controlfield>
        <controlfield tag="008">041202s2000    mdunnn  s      f    eng d</controlfield>
<!-- 
  author = custom, removeTrailingPunct(100abcdq, [\\\\,/;:], ([A-Za-z]{4}|[0-9]{3}|\\)|\\,) )
  creator_display = 100abcdefghijklmnopqrstuvwxyz
-->
        <datafield tag="100" ind1="1" ind2=" ">
            <subfield code="6">880-01</subfield>
            <subfield code="a">personal name author</subfield>
            <subfield code="g">miscellaneous author info</subfield>
        </datafield>   
<!--         
  full_title_display = 245abcdefghijklmnopqrstuvwxyz
  brief_title_display = custom, removeTrailingPunct(245abdefghijklmnopqrstuvwxyz)
  variant_title_display = 246abcdefghijklmnopqrstuvwxyz
-->        
        <datafield tag="245" ind1="1" ind2="0">
            <subfield code="6">880-04</subfield>
            <subfield code="a">title 245</subfield>
            <subfield code="c">[subfield c].</subfield>
        </datafield>
        <datafield tag="246" ind1="1" ind2=" ">
            <subfield code="6">880-05</subfield>
            <subfield code="a">variant title</subfield>
        </datafield>   
           
<!--         
  edition = 250ab
  publication_display = 260abcefg
  physical = 300abcefg
-->
        <datafield tag="250" ind1=" " ind2=" ">
            <subfield code="6">880-06</subfield>
            <subfield code="a">edition</subfield>
        </datafield>
        <datafield tag="260" ind1=" " ind2=" ">
            <subfield code="6">880-07</subfield>
            <subfield code="a">publication</subfield>
        </datafield>
        <datafield tag="300" ind1=" " ind2=" ">
            <subfield code="6">880-08</subfield>
            <subfield code="a">Let's get physical, physical!</subfield>
        </datafield>
        
<!--  
*  series_title_display = 440anpv
*  series_display = 490av
-->
        <datafield tag="440" ind1=" " ind2=" ">
            <subfield code="6">880-09</subfield>
            <subfield code="a">series title</subfield>
        </datafield>
        <datafield tag="490" ind1=" " ind2=" ">
            <subfield code="6">880-10</subfield>
            <subfield code="a">just the series, ma'am</subfield>
        </datafield>
        
<!-- and a field that is NOT displayed -->
        <datafield tag="505" ind1="1" ind2=" ">
            <subfield code="6">880-11</subfield>
            <subfield code="a">contents</subfield>
        </datafield>

        <!-- 880s -->
        <datafield tag="880" ind1="1" ind2=" ">
            <subfield code="6">100-01</subfield>
            <subfield code="a">vernacular personal name author</subfield>
            <subfield code="g">vernacular miscellaneous author info</subfield>
        </datafield>
        <datafield tag="880" ind1="1" ind2="0">
            <subfield code="6">245-04</subfield>
            <subfield code="a">vernacular title 245</subfield>
            <subfield code="c">[vernacular subfield c].</subfield>
        </datafield>
        <datafield tag="880" ind1="1" ind2=" ">
            <subfield code="6">246-05</subfield>
            <subfield code="a">vernacular variant title</subfield>
        </datafield>   
        
        <datafield tag="880" ind1=" " ind2=" ">
            <subfield code="6">250-06</subfield>
            <subfield code="a">vernacular edition</subfield>
        </datafield>
        <datafield tag="880" ind1=" " ind2=" ">
            <subfield code="6">260-07</subfield>
            <subfield code="a">vernacular publication</subfield>
        </datafield>
        <datafield tag="880" ind1=" " ind2=" ">
            <subfield code="6">300-08</subfield>
            <subfield code="a">vernacular Let's get physical, physical!</subfield>
        </datafield>
        
        <datafield tag="880" ind1=" " ind2=" ">
            <subfield code="6">440-09</subfield>
            <subfield code="a">vernacular series title</subfield>
        </datafield>
        <datafield tag="880" ind1=" " ind2=" ">
            <subfield code="6">490-10</subfield>
            <subfield code="a">vernacular just the series, ma'am</subfield>
        </datafield>
        
        <datafield tag="880" ind1="1" ind2=" ">
            <subfield code="6">505-11</subfield>
            <subfield code="a">vernacular contents</subfield>
        </datafield>
    </record>