
    
    
    <!-- corporate author vernacular field 110 -->
    <record>
        <leader>66662cim  2200457Ia 45í0</leader>
        <controlfield tag="001">aCorpAuthorVern</controlfield>
        <controlfield tag="008">041202s2000    mdunnn  s      f    eng d</controlfield>
<!-- 
    corp_author_display = 110abcdefghijklmnopqrstuvwxyz
-->
        <datafield tag="110" ind1="1" ind2=" ">
            <subfield code="6">880-01</subfield>
            <subfield code="a">corp name author</subfield>
        </datafield>   
        <datafield tag="880" ind1="1" ind2=" ">
            <subfield code="6">110-01</subfield>
            <subfield code="a">vernacular corp name author</subfield>
        </datafield>
    </record>