    
    
    <!-- meeting author vernacular field 111 -->
    <record>
        <leader>66662cim  2200457Ia 45í0</leader>
        <controlfield tag="001">aMeetingAuthorVern</controlfield>
        <controlfield tag="008">041202s2000    mdunnn  s      f    eng d</controlfield>
        <!-- 
            meeting_display = 111abcdefghijklmnopqrstuvwxyz
        -->
        <datafield tag="111" ind1="1" ind2=" ">
            <subfield code="6">880-01</subfield>
            <subfield code="a">mtg name author</subfield>
        </datafield>   
        <datafield tag="880" ind1="1" ind2=" ">
            <subfield code="6">111-01</subfield>
            <subfield code="a">vernacular mtg name author</subfield>
        </datafield>
    </record>