    
    

<!-- uniform title records 
    *  uniform_title_display = 130abcdefghijklmnopqrstuvwxyz:240abcdefghijklmnopqrstuvwxyz, first
-->    
    <!-- 130 no 240 -->
    <record>
        <leader>66662cim  2200457Ia 45í0</leader>
        <controlfield tag="001">a130only</controlfield>
        <controlfield tag="008">041202s2000    mdunnn  s      f    eng d</controlfield>
        <datafield tag="130" ind1="1" ind2=" ">
            <subfield code="6">880-01</subfield>
            <subfield code="a">main entry uniform title</subfield>
        </datafield>   
        <datafield tag="245" ind1="1" ind2=" ">
            <subfield code="a">title for 130</subfield>
        </datafield>   
        <datafield tag="880" ind1="1" ind2=" ">
            <subfield code="6">130-01</subfield>
            <subfield code="a">vernacular main entry uniform title</subfield>
        </datafield>   
    </record>