
        
    <!-- no 130 yes 240 -->
    <record>
        <leader>66662cim  2200457Ia 45í0</leader>
        <controlfield tag="001">a240only</controlfield>
        <controlfield tag="008">041202s2000    mdunnn  s      f    eng d</controlfield>
        <datafield tag="240" ind1="1" ind2=" ">
            <subfield code="6">880-01</subfield>
            <subfield code="a">uniform title</subfield>
        </datafield>   
        <datafield tag="245" ind1="1" ind2=" ">
            <subfield code="a">title for 240</subfield>
        </datafield>   
        <datafield tag="880" ind1="1" ind2=" ">
            <subfield code="6">240-01</subfield>
            <subfield code="a">vernacular uniform title</subfield>
        </datafield>   
    </record>