
    
    <!-- two 700 fields -->
    <record>
        <leader>66662cim  2200457Ia 45í0</leader>
        <controlfield tag="001">atwo700</controlfield>
        <controlfield tag="008">041202s2000    mdunnn  s      f    eng d</controlfield>
        <datafield tag="245" ind1="1" ind2=" ">
            <subfield code="a">two 700 fields</subfield>
        </datafield>
        <datafield tag="700" ind1="1" ind2=" ">
            <subfield code="6">880-01</subfield>
            <subfield code="a">first 700</subfield>
        </datafield>   
        <datafield tag="246" ind1="1" ind2=" ">
            <subfield code="6">880-02</subfield>
            <subfield code="a">second 700</subfield>
        </datafield>   
        <datafield tag="880" ind1="1" ind2=" ">
            <subfield code="6">700-01</subfield>
            <subfield code="a">vernacular first 700</subfield>
        </datafield>   
        <datafield tag="880" ind1="1" ind2=" ">
            <subfield code="6">700-02</subfield>
            <subfield code="a">vernacular second 700</subfield>
        </datafield>   
    </record>