
    
    <!-- duplicated subfields -->
    <record>
        <leader>66662cim  2200457Ia 45í0</leader>
        <controlfield tag="001">aDupSubflds</controlfield>
        <controlfield tag="008">041202s2000    mdunnn  s      f    eng d</controlfield>
        <datafield tag="245" ind1="1" ind2=" ">
            <subfield code="a">duplicated subfields</subfield>
        </datafield>
        <datafield tag="800" ind1="1" ind2=" ">
            <subfield code="6">880-01</subfield>
            <subfield code="a">Wellington, </subfield>
            <subfield code="a">New Zealand</subfield>
        </datafield>   
        <datafield tag="880" ind1="1" ind2=" ">
            <subfield code="6">800-01</subfield>
            <subfield code="a">Naomi in Wellington, </subfield>
            <subfield code="a">in New Zealand</subfield>
        </datafield>   
    </record>