
    
    <!-- trailing punctuation -->
    <record>
        <leader>66662cim  2200457Ia 45í0</leader>
        <controlfield tag="001">atrailingPunct</controlfield>
        <controlfield tag="008">041202s2000    mdunnn  s      f    eng d</controlfield>
        <datafield tag="100" ind1="1" ind2=" ">
            <subfield code="6">880-01</subfield>
            <subfield code="a">internal colon : </subfield>
            <subfield code="b">ending period.</subfield>
        </datafield>    
        <datafield tag="245" ind1="1" ind2="0">
            <subfield code="6">880-02</subfield>
            <subfield code="a">ends in slash /</subfield>
            <subfield code="c">[ignored].</subfield>
        </datafield>
        <datafield tag="880" ind1="1" ind2=" ">
            <subfield code="6">100-01</subfield>
            <subfield code="a">vernacular internal colon : </subfield>
            <subfield code="b">vernacular ending period.</subfield>
        </datafield>    
        <datafield tag="880" ind1="1" ind2="0">
            <subfield code="6">245-02</subfield>
            <subfield code="a">vernacular ends in slash /</subfield>
            <subfield code="c">[vernacular ignored].</subfield>
        </datafield>
    </record>