
    <record>
        <controlfield tag="001">aRtoL2</controlfield>
        <controlfield tag="008">041202s2000    mdunnn  s      f    ara d</controlfield>
        <datafield tag="100" ind1="1" ind2=" ">
            <subfield code="6">880-01</subfield>
            <subfield code="a">LTR a :</subfield>
            <subfield code="b">LTR b,</subfield>
            <subfield code="c">LTR c</subfield>
        </datafield>
        <datafield tag="245" ind1="1" ind2=" ">
            <subfield code="6">880-02</subfield>
            <subfield code="a">a first /</subfield>
            <subfield code="c">c second,</subfield>
            <subfield code="d">1980</subfield>
        </datafield>
        <datafield tag="880" ind1="1" ind2=" ">
            <subfield code="6">100-01</subfield>
            <subfield code="a">vern (RTL?) a (first) :</subfield>
            <subfield code="b">vern (RTL?) b (second),</subfield>
            <subfield code="c">vern (RTL?) c (third)</subfield>
        </datafield>
        <datafield tag="880" ind1="1" ind2=" ">
            <subfield code="6">245-02</subfield>
            <subfield code="a">vern (RTL?) a /</subfield>
            <subfield code="c">vern (RTL?) c followed by number,</subfield>
            <subfield code="d">1980</subfield>
        </datafield>
    </record>