

    <!-- hebrew 880s -->
    <record>
        <leader>66662cim  2200457Ia 45í0</leader>
        <controlfield tag="001">ahebrew2</controlfield>
        <controlfield tag="008">041202s2000    mdunnn  s      f    heb d</controlfield>
        <datafield tag="100" ind1="1" ind2=" ">
            <subfield code="6">880-01</subfield>
            <subfield code="a">Zeitlin, Hillel</subfield>
            <subfield code="d">1871-1942.</subfield>
        </datafield>
        <datafield tag="245" ind1="1" ind2=" ">
            <subfield code="6">880-02</subfield>
            <subfield code="a">Alef bet shel Yahadut.</subfield>
        </datafield>
        <datafield tag="260" ind1=" " ind2=" ">
            <subfield code="6">880-03</subfield>
            <subfield code="a">Yerushalayim :</subfield>
            <subfield code="b">Mosad ha-Rav Ḳuḳ, </subfield>
            <subfield code="c">c1983.</subfield>
        </datafield>
        <datafield tag="490" ind1=" " ind2=" ">
            <subfield code="6">880-04</subfield>
            <subfield code="a">Sifriyat targumim ṿa-asupot me-ḥokhmat Yiśraʼel ;\</subfield>
            <subfield code="v">47</subfield>
        </datafield>
        <datafield tag="880" ind1="1" ind2=" ">
            <subfield code="6">100-01//r</subfield>
            <subfield code="a">צייטלין, הלל. </subfield>
        </datafield>
        <datafield tag="880" ind1="1" ind2="0">
            <subfield code="6">245-02//r</subfield>
            <subfield code="a">אל״ף בי״ת של יהדות /</subfield>
            <subfield code="c">הלל צייטלין ; תירגם וערך מנחם ברש־רועי</subfield>
        </datafield>
        <datafield tag="880" ind1=" " ind2=" ">
            <subfield code="6">260-03//r</subfield>
            <subfield code="a">ירושלים : </subfield>
            <subfield code="b">מוסד הרב קוק, </subfield>
            <subfield code="c">c1983</subfield>
        </datafield>
        <datafield tag="880" ind1="0" ind2=" ">
            <subfield code="6">490-04//r</subfield>
            <subfield code="a">ספרית תרגומים ואסופות מחכמת ישראל ;</subfield>
            <subfield code="v">47</subfield>
        </datafield>
    </record>
    
</collection>
